<record><leader>00000cas a2200000 a 4500</leader><controlfield tag="001">11679246</controlfield><controlfield tag="008">850209c19729999hiuwr ne      0    0eng d</controlfield><datafield ind1=" " ind2=" " tag="010"><subfield code="a">sn 85047014 </subfield></datafield><datafield ind1=" " ind2=" " tag="040"><subfield code="a">HUH</subfield><subfield code="b">eng</subfield><subfield code="c">HUH</subfield><subfield code="d">HWN</subfield><subfield code="d">OCL</subfield><subfield code="d">OCLCQ</subfield></datafield><datafield ind1=" " ind2=" " tag="042"><subfield code="a">msc</subfield></datafield><datafield ind1=" " ind2=" " tag="043"><subfield code="a">n-us-hi</subfield></datafield><datafield ind1="0" ind2="4" tag="245"><subfield code="a">The Windward sun press.</subfield></datafield><datafield ind1=" " ind2=" " tag="260"><subfield code="a">Kailua, Hawaii :</subfield><subfield code="b">Community Press Newspapers,</subfield><subfield code="c">1972-</subfield></datafield><datafield ind1=" " ind2=" " tag="300"><subfield code="a">v. :</subfield><subfield code="b">ill. ;</subfield><subfield code="c">58 cm.</subfield></datafield><datafield ind1=" " ind2=" " tag="310"><subfield code="a">Weekly</subfield></datafield><datafield ind1="0" ind2=" " tag="362"><subfield code="a">Vol. 1, no. 1 (Feb. 2, 1972) ; v. 14, no. 6 (Feb. 9, 1972)-</subfield></datafield><datafield ind1=" " ind2=" " tag="500"><subfield code="a">"Dedicated to the residents of Kailua, Kaneohe, Waimanalo, and Kahaluu."</subfield></datafield><datafield ind1=" " ind2=" " tag="500"><subfield code="a">Beginning in 1974? published in Kaneohe, Hawaii.</subfield></datafield><datafield ind1=" " ind2=" " tag="515"><subfield code="a">With the Feb. 9, 1972 issue, continues the numbering of the preceding title: Pali press.</subfield></datafield><datafield ind1=" " ind2=" " tag="580"><subfield code="a">"Formerly The Pali Press and Windward Sun Shopper."</subfield></datafield><datafield ind1=" " ind2="0" tag="651"><subfield code="a">Windward Oahu Region (Hawaii)</subfield><subfield code="v">Periodicals.</subfield></datafield><datafield ind1=" " ind2=" " tag="752"><subfield code="a">United States</subfield><subfield code="b">Hawaii</subfield><subfield code="c">Honolulu</subfield><subfield code="d">Kailua.</subfield></datafield><datafield ind1=" " ind2=" " tag="752"><subfield code="a">United States</subfield><subfield code="b">Hawaii</subfield><subfield code="c">Honolulu</subfield><subfield code="d">Kaneohe.</subfield></datafield><datafield ind1="1" ind2="0" tag="780"><subfield code="t">Pali press (Kailua, Oahu, Hawaii : 1967)</subfield><subfield code="w">(DLC)sn 85047013</subfield><subfield code="w">(OCoLC)11679237</subfield></datafield></record>